@article{barnes_hierarchical_1986,
	title = {A hierarchical {O}({N} log {N}) force-calculation algorithm},
	volume = {324},
	copyright = {http://www.springer.com/tdm},
	issn = {0028-0836, 1476-4687},
	url = {https://www.nature.com/articles/324446a0},
	doi = {10.1038/324446a0},
	language = {en},
	number = {6096},
	urldate = {2024-12-09},
	journal = {Nature},
	author = {Barnes, Josh and Hut, Piet},
	month = dec,
	year = {1986},
	pages = {446--449},
}


@article{dehnen_n-body_2011,
	title = {N-body simulations of gravitational dynamics},
	volume = {126},
	copyright = {http://www.springer.com/tdm},
	issn = {2190-5444},
	url = {http://link.springer.com/10.1140/epjp/i2011-11055-3},
	doi = {10.1140/epjp/i2011-11055-3},
	language = {en},
	number = {5},
	urldate = {2024-12-07},
	journal = {The European Physical Journal Plus},
	author = {Dehnen, W. and Read, J. I.},
	month = may,
	year = {2011},
	pages = {55},
	file = {Submitted Version:/Users/gausszhang/Zotero/storage/M7Q8LDZN/Dehnen and Read - 2011 - N-body simulations of gravitational dynamics.pdf:application/pdf},
}

@article{nylons2007fast,
  title={Fast n-body simulation with cuda},
  author={Nylons, Lars and Harris, Mark and Prins, Jan},
  journal={GPU gems},
  volume={3},
  pages={62--66},
  year={2007}
}

@incollection{aarseth1985direct,
  title={Direct methods for N-body simulations},
  author={Aarseth, Sverre J},
  booktitle={Multiple time scales},
  pages={377--418},
  year={1985},
  publisher={Elsevier}
}

@book{stadel2001cosmological,
  title={Cosmological N-body simulations and their analysis},
  author={Stadel, Joachim Gerhard},
  year={2001},
  publisher={University of Washington}
}

@article{elsen2007n,
  title={N-body simulations on GPUs},
  author={Elsen, Erich and Vishal, Vaidyanathan and Houston, Mike and Pande, Vijay and Hanrahan, Pat and Darve, Eric},
  journal={arXiv preprint arXiv:0706.3060},
  year={2007}
}

@article{eisenstein1998hop,
  title={HOP: a new group-finding algorithm for N-body simulations},
  author={Eisenstein, Daniel J and Hut, Piet},
  journal={The Astrophysical Journal},
  volume={498},
  number={1},
  pages={137},
  year={1998},
  publisher={IOP Publishing}
}

@article{bertschinger1991cosmological,
  title={Cosmological N-body simulations},
  author={Bertschinger, Edmund and Gelb, James M},
  journal={Computers in Physics},
  volume={5},
  pages={164--175},
  year={1991}
}

@article{athanassoula2005nature,
  title={On the nature of bulges in general and of box/peanut bulges in particular: input from N-body simulations},
  author={Athanassoula, Evangelista},
  journal={Monthly Notices of the Royal Astronomical Society},
  volume={358},
  number={4},
  pages={1477--1488},
  year={2005},
  publisher={The Royal Astronomical Society}
}
